@book{law,
    year = {2000},
    author = {Law, Averill M. and Kelton, David},
    title = {Simulation Modeling and Analysis},
    publisher = {McGraw Hill},
    edition = {3},
}

@book{tanenbaum,
    title={Redes de computadoras},
    author={Tanenbaum, Andrew},
    isbn={9789702601623},
    year={2003},
    publisher={Editorial Alhambra S. A. (SP)}
}

@book{banks,
    year = {2014},
    author = {Banks, Jerry and Carson II, John S. and Nelson, Barry L. and Nicol, David M.},
    title = {Discrete Event System Simulation},
    publisher = {Pearson Education Limited},
    edition = {5},
}

@inproceedings{shannon,
    year = {1998},
    author = {Shannon, Robert E.},
    title = {Introduction to the art and science of simulation},
  	booktitle = {Proceedings of the 1998 Winter Simulation Conference},
    publisher = {Institute of Electrical and Electronics Engineers (IEEE)},
}

@article{varga1,
    author = {Varga, András},
    year = {2001},
    month = {01},
    pages = {},
    title = {The OMNET++ discrete event simulation system},
    volume = {9},
    journal = {Proc. ESM'2001}
}

@inproceedings{varga2,
    author = {Varga, András and Hornig, Rudolf},
    year = {2008},
    month = {01},
    pages = {60},
    title = {An overview of the OMNeT++ simulation environment},
    doi = {10.1145/1416222.1416290},
    booktitle = {Proceedings of the 1st International Conference on Simulation Tools and Techniques for Communications, Networks and Systems and Workshops, SimuTools 2008}
}

@online{opp_manual, 
    author = {Varga, András},
    title = {OMNeT++ 5.6.1 User Manual},
    year = 2020,
    url = {https://doc.omnetpp.org/omnetpp/manual/},
    note = {Accessed: 2022-03-04}
}

@article{Simu5G,
    author = {Nardini, Giovanni and Sabella, Dario and Stea, Giovanni and Thakkar, Purvi and Virdis, Antonio},
    year = {2020},
    month = {09},
    pages = {181176-181191},
    title = {Simu5G–An OMNeT++ Library for End-to-End Performance Evaluation of 5G Networks},
    volume = {8},
    journal = {IEEE Access},
    doi = {10.1109/ACCESS.2020.3028550}
}

@inbook{SimuLTE,
    author = {Virdis, Antonio and Stea, Giovanni and Nardini, Giovanni},
    year = {2016},
    month = {01},
    pages = {},
    title = {Simulating LTE/LTE-Advanced Networks with SimuLTE},
    isbn = {978-3-319-26470-7},
    doi = {10.1007/978-3-319-26470-7}
}

@article{Veins,
    author = {Sommer, Christoph and German, Reinhard and Dressler, Falko},
    year = {2011},
    month = {02},
    pages = {3 - 15},
    title = {Bidirectionally Coupled Network and Road Traffic Simulation for Improved IVC Analysis},
    volume = {10},
    journal = {Mobile Computing, IEEE Transactions on},
    doi = {10.1109/TMC.2010.133}
}

@online{ns3page, 
    title = {ns-3 - a discrete-event network simulator for internet systems},
    url = {https://www.nsnam.org/},
    note = {Accessed: 2022-03-04}
}

@online{ns3pagepython, 
    title = {Using Python to Run ns-3},
    url = {https://www.nsnam.org/docs/manual/html/python.html},
    note = {Accessed: 2022-03-04}
}

@online{sympy, 
    title = {SimPy documentation},
    url = {https://simpy.readthedocs.io/},
    note = {Accessed: 2022-03-04}
}

@online{stroustrup, 
    title = {C++ Applications},
    author = {Stroustrup, Bjarne},
    url = {https://www.stroustrup.com/applications.html},
    note = {Accessed: 2022-03-04}
}

@online{pythonimpl, 
    title = {PythonImplementations - Python Wiki},
    url = {https://wiki.python.org/moin/PythonImplementations},
    note = {Accessed: 2022-03-04}
}

@online{isinstance, 
    title = {isinstance() considered harmful},
    url = {http://canonical.org/~kragen/isinstance/},
    author = {Sitaker, Kragen Javier},
    note = {Accessed: 2022-03-04}
}

@online{duck, 
    title = {Python Glossary - Python Documentation},
    url = {https://docs.python.org/3/glossary.html#term-duck-typing},
    note = {Accessed: 2022-03-04}
}

@unknown{zehra,
    author = {Zehra, Farzeen and Javed, Maha and Khan, Darakhshan},
    year = {2020},
    month = {12},
    pages = {},
    title = {Comparative Analysis of C++ and Python in Terms of Memory and Time},
    doi = {10.20944/preprints202012.0516.v1}
}

@article{fraire,
    author = {Fraire, Juan and Duran, Juan},
    year = {2020},
    month = {09},
    pages = {1-6},
    title = {Revising Computer Science Networking Hands-On Courses in the Context of the Future Internet},
    volume = {PP},
    journal = {IEEE Transactions on Education},
    doi = {10.1109/TE.2020.3015673}
}

@inproceedings{Abdulkareem,
    author = {Abdulkareem, Sabah and Abboud, Ali},
    year = {2021},
    month = {02},
    pages = {},
    title = {Evaluating Python, C++, JavaScript and Java Programming Languages Based on Software Complexity Calculator (Halstead Metrics)}
}

@online{extending, 
    title = {Extending and Embedding the Python Interpreter},
    url = {https://docs.python.org/3/extending/index.html},
    note = {Accessed: 2022-03-04}
}

@inproceedings{lavrijsen,
    author = {Lavrijsen, Wim and Dutta, Aditi},
    year = {2016},
    month = {11},
    pages = {27-35},
    title = {High-Performance Python-C++ Bindings with PyPy and Cling},
    doi = {10.1109/PyHPC.2016.008}
}
[42] Tanenbaum, Redes de Computadoras.
